%Hinweis:
%Jeglicher Text, der nicht in einem Element ist, ist ein %Kommentar in Bibtex.
%Kommentare lösen mit BibLatex allerdings Warnungen in %BibTex aus (Junk charakters). Diese Warnungen können %ignoriert werden.
%
%%
%% von Google automatisch generiertes BibTex 
%% enthält häufig Fehler
%% Industry 4.0 wird hier nicht korrekt angezeigt.

@article{conrad_2017,
  author = {Sebastian Conrad},
  title = {Künstliche Intelligenz – Die Risiken für den Datenschutz},
  journal = {DuD - Datenschutz und Datensicherheit},
  year = {2017},
  volume = {12},
  pages = {740-743}
}

 
