%
% Webseiten können über archive.org langfristig 
% archiviert werden.
% Dafür klickt man im Menü auf Web und kann dann
% rechts die URL eingeben und auf Save Now klicken.
% Am Ende bekommt man einen permanenten Link auf 
% den Stand der Webseite zu diesem Zeitpunkt
%

% @online{deeplearning.AI,
% 	author = {Andrew Ng, Isa Fulford},
% 	title = {Building Systems with the ChatGPT API},
% 	howpublished = {\url{https://www.deeplearning.ai/short-courses/building-systems-with-chatgpt/}},
%     url={https://www.deeplearning.ai/short-courses/building-systems-with-chatgpt/},
% 	year = {2023},
% 	note = {Zugriff am 08.09.2023}
% }

@online{gpt-4-turbo,
	title = {GPT-4 Turbo Releasenotes},
	howpublished = {\url{https://help.openai.com/en/articles/8555510-gpt-4-turbo}},
    url={https://help.openai.com/en/articles/8555510-gpt-4-turbo},
}

@online{prompt-engineering,
	title = {Was ist Promptengineering},
  author = {Laurenz Wuttke},
	howpublished = {\url{https://datasolut.com/was-ist-prompt-engineering/}},
    url={https://datasolut.com/was-ist-prompt-engineering/}
}

% Verwendung: \textcite{prompt-engineering}

@online{visual-studio-code,
	title = {Visual Studio Code},
	howpublished = {\url{https://code.visualstudio.com/docs}},
	url={https://code.visualstudio.com/docs}
}
% Verwendung: \textcite{visual-studio-code}

@online{gitlab,
	title = {GitLab},
	howpublished = {\url{https://en.wikipedia.org/wiki/GitLab}},
	url={https://en.wikipedia.org/wiki/GitLab}
}
% Verwendung: \textcite{gitlab}

@online{microsoft-teams,
	title = {Microsoft Teams},
	howpublished = {\url{https://www.microsoft.com/de-de/microsoft-teams/teams-for-home}},
	url={https://www.microsoft.com/de-de/microsoft-teams/teams-for-home}
}
% Verwendung: \textcite{microsoft-teams}

@online{jira,
	title = {Jira},
	howpublished = {\url{https://www.atlassian.com/software/jira}},
	url={https://www.atlassian.com/software/jira}
}
% Verwendung: \textcite{jira}

@online{miro,
	title = {Miro},
	howpublished = {\url{https://miro.com/}},
	url={https://miro.com/}
}
% Verwendung: \textcite{miro}

@online{python,
	title = {Python},
	howpublished = {\url{https://en.wikipedia.org/wiki/Python_(programming_language)}},
	url={https://en.wikipedia.org/wiki/Python_(programming_language)}
}
% Verwendung: \textcite{python}

@online{langchain,
	title = {Langchain Framework},
	howpublished = {\url{https://www.langchain.com/langchain}},
	url={https://www.langchain.com/langchain}
}
% Verwendung: \textcite{langchain}

@online{openai-gpt,
	title = {OpenAI - GPT Modelle},
	howpublished = {\url{https://openai.com/}},
	url={https://openai.com/}
}
% Verwendung: \textcite{openai-gpt}

@online{azure,
	title = {Microsoft Azure Plattform},
	howpublished = {\url{https://azure.microsoft.com/de-de/resources/cloud-computing-dictionary/what-is-azure}},
	url={https://azure.microsoft.com/de-de/resources/cloud-computing-dictionary/what-is-azure}
}
% Verwendung: \textcite{azure}

@online{chromadb,
	title = {ChromaDB Datenbanklösung},
	howpublished = {\url{https://pypi.org/project/chromadb/}},
	url={https://pypi.org/project/chromadb/}
}
% Verwendung: \textcite{chromadb}

@online{json,
	title = {JavaScript Object Notation (JSON)},
	howpublished = {\url{https://www.json.org/json-de.html}},
	url={https://www.json.org/json-de.html}
}
% Verwendung: \textcite{json}

@online{intellij-idea,
	title = {IntelliJ IDEA},
	howpublished = {\url{https://www.jetbrains.com/idea/}},
	url={https://www.jetbrains.com/idea/}
}
% Verwendung: \textcite{intellij-idea}

@online{postgresql,
	title = {PostgreSQL},
	howpublished = {\url{https://www.postgresql.org/}},
	url={https://www.postgresql.org/}
}
% Verwendung: \textcite{postgresql}

@online{sonarqube,
	title = {SonarQube},
	howpublished = {\url{https://www.sonarqube.org/}},
	url={https://www.sonarqube.org/}
}
% Verwendung: \textcite{sonarqube}

@online{lint,
	title = {Lint},
	howpublished = {\url{https://en.wikipedia.org/wiki/Lint_(software)}},
	url={https://en.wikipedia.org/wiki/Lint_(software)}
}
% Verwendung: \textcite{lint}

@online{postman,
	title = {Postman},
	howpublished = {\url{https://www.postman.com/}},
	url={https://www.postman.com/}
}
% Verwendung: \textcite{postman}


@online{java,
	title = {Java},
	howpublished = {\url{https://www.oracle.com/java/}},
	url={https://www.oracle.com/java/}
}
% Verwendung: \textcite{java}

@online{javascript,
	title = {JavaScript},
	howpublished = {\url{https://developer.mozilla.org/en-US/docs/Web/JavaScript}},
	url={https://developer.mozilla.org/en-US/docs/Web/JavaScript}
}
% Verwendung: \textcite{javascript}

@online{spring-boot,
	title = {Spring Boot},
	howpublished = {\url{https://spring.io/projects/spring-boot}},
	url={https://spring.io/projects/spring-boot}
}
% Verwendung: \textcite{spring-boot}

@online{vuejs,
	title = {Vue.js},
	howpublished = {\url{https://vuejs.org/}},
	url={https://vuejs.org/}
}
% Verwendung: \textcite{vuejs}

@online{jest,
	title = {Jest},
	howpublished = {\url{https://jestjs.io/}},
	url={https://jestjs.io/}
}
% Verwendung: \textcite{jest}





@online{deeplearning.AI,
	title = {Prompt Engineering for Developers},
	howpublished = {\url{https://www.deeplearning.ai/short-courses/chatgpt-prompt-engineering-for-developers/}},
    url={https://www.deeplearning.ai/short-courses/chatgpt-prompt-engineering-for-developers/}
}

@online{Chroma,
	author = {},
	title = {Chroma Documentation},
	howpublished = {\url{https://docs.trychroma.com/}},
    url={https://docs.trychroma.com/},
	year = {2023},
	note = {Zugriff am 08.09.2023}
}

https://www.hagel-it.de/it-service/was-ist-java-und-was-kann-das.html


@online{webimis,
	author = {},
	title = {{I}nstitut für {M}ultimediale und {I}nteraktive {S}ysteme},
	howpublished = {\url{http://imis.uni-luebeck.de}},
    url={https://web.archive.org/web/20230929110531/https://www.imis.uni-luebeck.de/de},
	year = {2023},
	note = {Zugriff am 29.09.2023}
}
@online{inkscape,
  author = {{Inkscape Project}},
  title = {Inkscape},
  note = {\url{https://inkscape.org}, accessed on 2022-01-13},
  version = {0.92.5}, 
  date = {2020-04-16}
}
@online{overleaf,
  author = {{Overleaf c/o Digital Science}},
  title = {Overleaf},
  note = {\url{https://www.overleaf.com/project}, accessed on 2022-01-13}
}

@online{tikz,
  author = {Till Tantau},
  title = {The TikZ and PGF Packages},
  note = {\url{https://github.com/pgf-tikz/pgf}, accessed on 2022-01-13},
  version = {3.1.9a},
  date = {2021-05-15}
}


@online{multirow,
  author = {Pieter van Oostrum},
  title = {Multirow Package},
  note = {\url{https://github.com/pietvo/multirow}, accessed on 2022-01-13},
  version = {2.8},
  date = {2021-03-15}
}

@online{bibtex,
  author = {Oren Patashnik},
  title = {Multirow Package},
  note = {\url{https://tug.org/bibtex/}, accessed on 2022-01-13},
  version = {0.99d},
  date = {2021-06-30}
}

@online{algorithm2e,
  author = {Christophe Fiorio},
  title = {algorithm2e Package},
  note = {\url{https://ctan.space-pro.be/tex-archive/macros/latex/contrib/algorithm2e/doc/algorithm2e.pdf}, accessed on 2022-01-17},
  version = {5.3},
  date = {2017-07-18},
  year = {2017}
}